<record><leader>00000cas a22000007a 4500</leader><controlfield tag="001">20230309</controlfield><controlfield tag="008">890822d19731973moudn ne      0    0eng d</controlfield><datafield ind1=" " ind2=" " tag="010"><subfield code="a">sn 89066961 </subfield></datafield><datafield ind1=" " ind2=" " tag="040"><subfield code="a">MQN</subfield><subfield code="b">eng</subfield><subfield code="c">MQN</subfield><subfield code="d">OCLCQ</subfield></datafield><datafield ind1=" " ind2=" " tag="042"><subfield code="a">msc</subfield></datafield><datafield ind1="0" ind2="0" tag="245"><subfield code="a">Daily Jefferson County press-times.</subfield></datafield><datafield ind1=" " ind2=" " tag="260"><subfield code="a">Crystal City, Mo. :</subfield><subfield code="b">Suburban Media,</subfield><subfield code="c">1973.</subfield></datafield><datafield ind1=" " ind2=" " tag="300"><subfield code="a">v.</subfield></datafield><datafield ind1=" " ind2=" " tag="310"><subfield code="a">Daily (except Sun. &amp; Mon.)</subfield></datafield><datafield ind1="0" ind2=" " tag="362"><subfield code="a">Vol. 54, no. 111 (June 5, 1973)-v. 54, no. 169 (Aug. 25, 1973).</subfield></datafield><datafield ind1=" " ind2=" " tag="752"><subfield code="a">United States</subfield><subfield code="b">Missouri</subfield><subfield code="c">Jefferson</subfield><subfield code="d">Crystal City.</subfield></datafield><datafield ind1="0" ind2="0" tag="780"><subfield code="t">Jefferson County press-times (Crystal City, Mo. : 1950)</subfield><subfield code="w">(DLC)sn 89066959</subfield></datafield><datafield ind1="0" ind2="0" tag="785"><subfield code="t">Daily press-times (Crystal City, Mo.)</subfield><subfield code="w">(DLC)sn 89066962</subfield></datafield></record>